@ARTICLE{abel13,
   author = {{Abel}, I.~G. and {Plunk}, G.~G. and {Wang}, E. and {Barnes}, M. and 
	{Cowley}, S.~C. and {Dorland}, W. and {Schekochihin}, A.~A.},
    title = "{Multiscale Gyrokinetics for Rotating Tokamak Plasmas: Fluctuations, Transport and Energy Flows}",
  journal = {Rep.\ Prog.\ Phys.},
   volume = 76,
    pages = {116201},
     year = 2013
}

@ARTICLE{alexandrova08,
   author = {{Alexandrova}, O. and {Carbone}, V. and {Veltri}, P. and {Sorriso-Valvo}, L.
	},
    title = "{Small-Scale Energy Cascade of the Solar Wind Turbulence}",
  journal = {Astrophys.~J.},
     year = 2008,
   volume = 674,
    pages = {1153},
      doi = {10.1086/524056},
   adsurl = {http://adsabs.harvard.edu/abs/2008ApJ...674.1153A}
}

@ARTICLE{alexandrova09,
   author = {{Alexandrova}, O. and {Saur}, J. and {Lacombe}, C. and {Mangeney}, A. and 
	{Mitchell}, J. and {Schwartz}, S.~J. and {Robert}, P.},
    title = "{Universality of Solar-Wind Turbulent Spectrum from MHD to Electron Scales}",
  journal = {Phys.\ Rev.\ Lett.},
     year = 2009,
   volume = 103,
    pages = {165003},
      doi = {10.1103/PhysRevLett.103.165003},
   adsurl = {http://adsabs.harvard.edu/abs/2009PhRvL.103p5003A}
}

@ARTICLE{alexandrova12,
   author = {{Alexandrova}, O. and {Lacombe}, C. and {Mangeney}, A. and {Grappin}, R. and 
	{Maksimovic}, M.},
    title = "{Solar Wind Turbulent Spectrum at Plasma Kinetic Scales}",
  journal = {Astrophys.~J.},
     year = 2012,
   volume = 760,
    pages = {121},
      doi = {10.1088/0004-637X/760/2/121},
   adsurl = {http://adsabs.harvard.edu/abs/2012ApJ...760..121A}
}

@ARTICLE{armstrong67,
   author = {{Armstrong}, T.~P.},
    title = "{Numerical studies of the nonlinear Vlasov equation}",
  journal = {Phys.\ Fluids},
     year = 1967,
   volume = 10,
    pages = {1269},
      doi = {10.1063/1.1762272},
   adsurl = {http://adsabs.harvard.edu/abs/1967PhFl...10.1269A}
}

@ARTICLE{balbus91,
   author = {{Balbus}, S.~A. and {Hawley}, J.~F.},
    title = "{A powerful local shear instability in weakly magnetized disks. I - Linear analysis. II - Nonlinear evolution}",
  journal = {Astrophys.~J.},
     year = 1991,
   volume = 376,
    pages = {214},
      doi = {10.1086/170270},
   adsurl = {http://adsabs.harvard.edu/abs/1991ApJ...376..214B},
  adsnote = {Provided by the SAO/NASA Astrophysics Data System}
}

@ARTICLE{balkovsky99,
   author = {{Balkovsky}, E. and {Fouxon}, A.},
    title = "{Universal long-time properties of Lagrangian statistics in the Batchelor regime and their application to the passive scalar problem}",
  journal = {\pre},
     year = 1999,
   volume = 60,
    pages = {4164},
      doi = {10.1103/PhysRevE.60.4164},
   adsurl = {http://adsabs.harvard.edu/abs/1999PhRvE..60.4164B}
}

@ARTICLE{banon11prl,
   author = {{Ba{\~n}{\'o}n Navarro}, A. and {Morel}, P. and {Albrecht-Marc}, M. and 
	{Carati}, D. and {Merz}, F. and {G{\"o}rler}, T. and {Jenko}, F.
	},
    title = "{Free Energy Cascade in Gyrokinetic Turbulence}",
  journal = {Phys.\ Rev.\ Lett.},
     year = 2011,
   volume = 106,
    pages = {055001},
      doi = {10.1103/PhysRevLett.106.055001},
   adsurl = {http://adsabs.harvard.edu/abs/2011PhRvL.106e5001B}
}

@ARTICLE{banon11,
   author = {{Ba{\~n}{\'o}n Navarro}, A. and {Morel}, P. and {Albrecht-Marc}, M. and 
	{Carati}, D. and {Merz}, F. and {G{\"o}rler}, T. and {Jenko}, F.
	},
    title = "{Free energy balance in gyrokinetic turbulence}",
  journal = {Phys.\ Plasmas},
     year = 2011,
   volume = 18,
    pages = {092303},
      doi = {10.1063/1.3632077},
   adsurl = {http://adsabs.harvard.edu/abs/2011PhPl...18i2303B}
}

@ARTICLE{barnes66,
   author = {{Barnes}, A.},
    title = "{Collisionless damping of hydromagnetic waves}",
  journal = {Phys.\ Fluids},
     year = 1966,
   volume = 9,
    pages = {1483},
      doi = {10.1063/1.1761882},
   adsurl = {http://adsabs.harvard.edu/abs/1966PhFl....9.1483B}
}

@ARTICLE{barnes11,
   author = {{Barnes}, M. and {Parra}, F.~I. and {Schekochihin}, A.~A.},
    title = "{Critically Balanced Ion Temperature Gradient Turbulence in Fusion Plasmas}",
  journal = {Phys.\ Rev.\ Lett.},
     year = 2011,
   volume = 107,
    pages = {115003},
      doi = {10.1103/PhysRevLett.107.115003},
   adsurl = {http://adsabs.harvard.edu/abs/2011PhRvL.107k5003B}
}

@ARTICLE{batchelor59,
   author = {{Batchelor}, G.~K.},
    title = "{Small-scale variation of convected quantities like temperature in turbulent fluid. Part 1. General discussion and the case of small conductivity}",
  journal = {J.~Fluid Mech.},
     year = 1959,
   volume = 5,
    pages = {113},
      doi = {10.1017/S002211205900009X},
   adsurl = {http://adsabs.harvard.edu/abs/1959JFM.....5..113B}
}

@ARTICLE{beer96,
   author = {{Beer}, M.~A. and {Hammett}, G.~W.},
    title = "{Toroidal gyrofluid equations for simulations of tokamak turbulence}",
  journal = {Phys.\ Plasmas},
     year = 1996,
   volume = 3,
    pages = {4046},
      doi = {10.1063/1.871538},
   adsurl = {http://adsabs.harvard.edu/abs/1996PhPl....3.4046B}
}

@ARTICLE{bershadskii04,
   author = {{Bershadskii}, A. and {Sreenivasan}, K.~R.},
    title = "{Intermittency and the passive nature of the magnitude of the magnetic field}",
  journal = {Phys.\ Rev.\ Lett.},
     year = 2004,
   volume = 93,
    pages = {064501}
}

@ARTICLE{black13,
   author = {{Black}, C. and {Germaschewski}, K. and {Bhattacharjee}, A. and 
	{Ng}, C.~S.},
    title = "{Discrete kinetic eigenmode spectra of electron plasma oscillations in weakly collisional plasma: A numerical study}",
  journal = {Phys.\ Plasmas},
 keywords = {numerical analysis, plasma collision processes, plasma kinetic theory, plasma oscillations, recursion method, Vlasov equation, Electrostatic waves and oscillations, Function theory, analysis, Numerical approximation and analysis, Electron collisions, Plasma kinetic equations},
     year = 2013,
   volume = 20,
    pages = {012125},
      doi = {10.1063/1.4789882},
   adsurl = {http://adsabs.harvard.edu/abs/2013PhPl...20a2125B}
}

@ARTICLE{boldyrev13,
   author = {{Boldyrev}, S. and {Horaites}, K. and {Xia}, Q. and {Perez}, J.~C.
	},
    title = "{Toward a Theory of Astrophysical Plasma Turbulence at Subproton Scales}",
  journal = {Astrophys.~J.},
     year = 2013,
   volume = 777,
    pages = {41},
      doi = {10.1088/0004-637X/777/1/41},
   adsurl = {http://adsabs.harvard.edu/abs/2013ApJ...777...41B},
  adsnote = {Provided by the SAO/NASA Astrophysics Data System}
}

@ARTICLE{borovsky11,
   author = {{Borovsky}, J.~E. and {Gary}, S.~P.},
    title = "{Electron-ion Coulomb scattering and the electron Landau damping of Alfv{\'e}n waves in the solar wind}",
  journal = {J.~Geophys.\ Res.},
     year = 2011,
   volume = 116,
    pages = {A07101},
      doi = {10.1029/2010JA016403},
   adsurl = {http://adsabs.harvard.edu/abs/2011JGRA..116.7101B}
}

@ARTICLE{bratanov13,
   author = {{Bratanov}, V. and {Jenko}, F. and {Hatch}, D. and {Brunner}, S.
	},
    title = "{Aspects of linear Landau damping in discretized systems}",
  journal = {Phys.\ Plasmas},
 keywords = {plasma collision processes, plasma drift waves, plasma electrostatic waves, plasma kinetic theory, plasma Langmuir waves, plasma temperature, plasma transport processes, Electrostatic waves and oscillations, Drift waves, Plasma kinetic equations, Transport properties},
     year = 2013,
   volume = 20,
    pages = {022108},
      doi = {10.1063/1.4792163},
   adsurl = {http://adsabs.harvard.edu/abs/2013PhPl...20b2108B}
}

@ARTICLE{bruno05,
   author = {{Bruno}, R. and {Carbone}, V.},
    title = "{The Solar Wind as a Turbulence Laboratory}",
  journal = {Living Rev.\ Solar Phys.},
     year = 2005,
   volume = 2,
    pages = {4},
   adsurl = {http://adsabs.harvard.edu/abs/2005LRSP....2....4B}
}

@ARTICLE{bruno07,
   author = {{Bruno}, R. and {Carbone}, V. and {Chapman}, S. and {Hnat}, B. and 
	{Noullez}, A. and {Sorriso-Valvo}, L.},
    title = "{Intermittent character of interplanetary magnetic field fluctuations}",
  journal = {Phys.\ Plasmas},
     year = 2007,
   volume = 14,
    pages = {032901}
}

@ARTICLE{case59,
   author = {{Case}, K.~M.},
    title = "{Plasma oscillations}",
  journal = {Ann. Phys.},
     year = 1959,
   volume = 7,
    pages = {349},
      doi = {10.1016/0003-4916(59)90029-6},
   adsurl = {http://adsabs.harvard.edu/abs/1959AnPhy...7..349C}
}

@ARTICLE{celnikier83,
   author = {{Celnikier}, L.~M. and {Harvey}, C.~C. and {Jegou}, R. and {Moricet}, P. and 
	{Kemp}, M.},
    title = "{A determination of the electron density fluctuation spectrum in the solar wind, using the ISEE propagation experiment}",
  journal = {Astron.\ Astrophys.},
     year = 1983,
   volume = 126,
    pages = {293}
}

@ARTICLE{celnikier87,
   author = {{Celnikier}, L.~M. and {Muschietti}, L. and {Goldman}, M.~V.
	},
    title = "{Aspects of interplanetary plasma turbulence}",
  journal = {Astron.\ Astrophys.},
     year = 1987,
   volume = 181,
    pages = {138}
}

@ARTICLE{chandran09,
   author = {{Chandran}, B.~D.~G. and {Quataert}, E. and {Howes}, G.~G. and 
	{Xia}, Q. and {Pongkitiwanichakul}, P.},
    title = "{Constraining Low-Frequency Alfv{\'e}nic Turbulence in the Solar Wind Using Density-Fluctuation Measurements}",
  journal = {Astrophys.~J.},
     year = 2009,
   volume = 707,
    pages = {1668},
      doi = {10.1088/0004-637X/707/2/1668},
   adsurl = {http://adsabs.harvard.edu/abs/2009ApJ...707.1668C}
}

@ARTICLE{chandran11,
   author = {{Chandran}, B.~D.~G. and {Dennis}, T.~J. and {Quataert}, E. and 
	{Bale}, S.~D.},
    title = "{Incorporating Kinetic Physics into a Two-fluid Solar-wind Model with Temperature Anisotropy and Low-frequency Alfv{\'e}n-wave Turbulence}",
  journal = {Astrophys.~J.},
     year = 2011,
   volume = 743,
    pages = {197},
      doi = {10.1088/0004-637X/743/2/197},
   adsurl = {http://adsabs.harvard.edu/abs/2011ApJ...743..197C}
}

@ARTICLE{chang11,
   author = {{Chang}, O. and {Peter Gary}, S. and {Wang}, J.},
    title = "{Whistler turbulence forward cascade: Three-dimensional particle-in-cell simulations}",
  journal = {Geophys.\ Res.\ Lett.},
     year = 2011,
   volume = 38,
    pages = {L22102},
      doi = {10.1029/2011GL049827},
   adsurl = {http://adsabs.harvard.edu/abs/2011GeoRL..3822102C}
}

@ARTICLE{chen10,
   author = {{Chen}, C.~H.~K. and {Horbury}, T.~S. and {Schekochihin}, A.~A. and 
	{Wicks}, R.~T. and {Alexandrova}, O. and {Mitchell}, J.},
    title = "{Anisotropy of Solar Wind Turbulence between Ion and Electron Scales}",
  journal = {Phys.\ Rev.\ Lett.},
     year = 2010,
   volume = 104,
    pages = {255002},
      doi = {10.1103/PhysRevLett.104.255002},
   adsurl = {http://adsabs.harvard.edu/abs/2010PhRvL.104y5002C}
}

@ARTICLE{chen11,
   author = {{Chen}, C.~H.~K. and {Bale}, S.~D. and {Salem}, C. and {Mozer}, F.~S.
	},
    title = "{Frame dependence of the electric field spectrum of solar wind turbulence}",
  journal = {Astrophys.~J.\ Lett.},
     year = 2011,
   volume = 737,
    pages = {L41},
      doi = {10.1088/2041-8205/737/2/L41},
   adsurl = {http://adsabs.harvard.edu/abs/2011ApJ...737L..41C}
}

@ARTICLE{chen13,
   author = {{Chen}, C.~H.~K. and {Boldyrev}, S. and {Xia}, Q. and {Perez}, J.~C.
	},
    title = "{Nature of Subproton Scale Turbulence in the Solar Wind}",
  journal = {Phys.\ Rev.\ Lett.},
     year = 2013,
   volume = 110,
    pages = {225002},
      doi = {10.1103/PhysRevLett.110.225002},
   adsurl = {http://adsabs.harvard.edu/abs/2013PhRvL.110v5002C}
}

@ARTICLE{corrsin51,
   author = {{Corrsin}, S.},
    title = "{On the Spectrum of Isotropic Temperature Fluctuations in an Isotropic Turbulence}",
  journal = {J.~Applied Phys.},
     year = 1951,
   volume = 22,
    pages = {469}
}

@ARTICLE{cranmer09,
   author = {{Cranmer}, S.~R. and {Matthaeus}, W.~H. and {Breech}, B.~A. and 
	{Kasper}, J.~C.},
    title = "{Empirical Constraints on Proton and Electron Heating in the Fast Solar Wind}",
  journal = {Astrophys.~J.},
     year = 2009,
   volume = 702,
    pages = {1604},
      doi = {10.1088/0004-637X/702/2/1604},
   adsurl = {http://adsabs.harvard.edu/abs/2009ApJ...702.1604C}
}

@ARTICLE{doerk11,
   author = {{Doerk}, H. and {Jenko}, F. and {Pueschel}, M.~J. and {Hatch}, D.~R.
	},
    title = "{Gyrokinetic Microtearing Turbulence}",
  journal = {Phys.\ Rev.\ Lett.},
     year = 2011,
   volume = 106,
    pages = {155003},
      doi = {10.1103/PhysRevLett.106.155003},
   adsurl = {http://adsabs.harvard.edu/abs/2011PhRvL.106o5003D}
}

@ARTICLE{doerk12,
   author = {{Doerk}, H. and {Jenko}, F. and {G{\"o}rler}, T. and {Told}, D. and 
	{Pueschel}, M.~J. and {Hatch}, D.~R.},
    title = "{Gyrokinetic prediction of microtearing turbulence in standard tokamaks}",
  journal = {Phys.\ Plasmas},
     year = 2012,
   volume = 19,
    pages = {055907},
      doi = {10.1063/1.3694663},
   adsurl = {http://adsabs.harvard.edu/abs/2012PhPl...19e5907D}
}

@ARTICLE{dimits96,
   author = {{Dimits}, A.~M. and {Williams}, T.~J. and {Byers}, J.~A. and 
	{Cohen}, B.~I.},
    title = "{Scalings of Ion-Temperature-Gradient-Driven Anomalous Transport in Tokamaks}",
  journal = {Phys.\ Rev.\ Lett.},
     year = 1996,
   volume = 77,
    pages = {71},
      doi = {10.1103/PhysRevLett.77.71},
   adsurl = {http://adsabs.harvard.edu/abs/1996PhRvL..77...71D}
}

@ARTICLE{dorland93,
   author = {{Dorland}, W. and {Hammett}, G.~W.},
    title = "{Gyrofluid turbulence models with kinetic effects}",
  journal = {Phys.\ Fluids~B},
     year = 1993,
   volume = 5,
    pages = {812},
      doi = {10.1063/1.860934},
   adsurl = {http://adsabs.harvard.edu/abs/1993PhFlB...5..812D}
}

@ARTICLE{dorland00,
   author = {{Dorland}, W. and {Jenko}, F. and {Kotschenreuther}, M. and 
	{Rogers}, B.~N.},
    title = "{Electron Temperature Gradient Turbulence}",
  journal = {Phys.\ Rev.\ Lett.},
     year = 2000,
   volume = 85,
    pages = {5579},
      doi = {10.1103/PhysRevLett.85.5579},
   adsurl = {http://adsabs.harvard.edu/abs/2000PhRvL..85.5579D}
}

@ARTICLE{dougherty64,
   author = {{Dougherty}, J.~P.},
    title = "{Model Fokker-Planck Equation for a Plasma and Its Solution}",
  journal = {Phys.\ Fluids},
     year = 1964,
   volume = 7,
    pages = {1788},
   adsurl = {http://adsabs.harvard.edu/abs/1964PhFl....7.1788D}
}

@ARTICLE{falkovich01,
   author = {{Falkovich}, G. and {Gaw{\c e}dzki}, K. and {Vergassola}, M.
	},
    title = "{Particles and fields in fluid turbulence}",
  journal = {\rmp},
     year = 2001,
    month = oct,
   volume = 73,
    pages = {913},
      doi = {10.1103/RevModPhys.73.913},
   adsurl = {http://adsabs.harvard.edu/abs/2001RvMP...73..913F}
}

@ARTICLE{foote79,
   author = {{Foote}, E.~A. and {Kulsrud}, R.~M.},
    title = "{Hydromagnetic waves in high beta plasmas}",
  journal = {Astrophys.~J.},
     year = 1979,
   volume = 233,
    pages = {302},
      doi = {10.1086/157391},
   adsurl = {http://adsabs.harvard.edu/abs/1979ApJ...233..302F},
  adsnote = {Provided by the SAO/NASA Astrophysics Data System}
}

@BOOK{fried61,
   author = {{Fried}, B.~D. and {Conte}, S.~D.},
    title = "{The Plasma Dispersion Function}",
publisher = {Academic Press},
  address = {New York},
     year = 1961
}

@ARTICLE{frieman82,
   author = {{Frieman}, E.~A. and {Chen}, L.},
    title = "{Nonlinear gyrokinetic equations for low-frequency electromagnetic waves in general plasma equilibria}",
  journal = {Phys. Fluids},
     year = 1982,
   volume = 25,
    pages = {502}
}

@ARTICLE{gary08,
   author = {{Gary}, S.~P. and {Borovsky}, J.~E.},
    title = "{Damping of long-wavelength kinetic Alfv{\'e}n fluctuations: Linear theory}",
  journal = {J.~Geophys.\ Res.},
     year = 2008,
   volume = 113,
    pages = {A12104},
      doi = {10.1029/2008JA013565},
   adsurl = {http://adsabs.harvard.edu/abs/2008JGRA..11312104G}
}

@ARTICLE{gary09,
   author = {{Gary}, S.~P. and {Karimabadi}, H. and {Roytershteyn}, V.~S.
	},
    title = "{Dissipation Wavenumbers for Turbulence in Electron-Positron Plasmas}",
  journal = {Astrophys.~J.},
     year = 2009,
   volume = 701,
    pages = {1695},
      doi = {10.1088/0004-637X/701/2/1695},
   adsurl = {http://adsabs.harvard.edu/abs/2009ApJ...701.1695G}
}

@ARTICLE{goldreich95,
   author = {{Goldreich}, P. and {Sridhar}, S.},
    title = "{Toward a theory of interstellar turbulence. 2: Strong alfvenic turbulence}",
  journal = {Astrophys.~J.},
     year = 1995,
   volume = 438,
    pages = {763}
}

@ARTICLE{goldreich97,
   author = {{Goldreich}, P. and {Sridhar}, S.},
    title = "{Magnetohydrodynamic Turbulence Revisited}",
  journal = {Astrophys.~J.},
     year = 1997,
   volume = 485,
    pages = {680},
}

@ARTICLE{goswami05,
   author = {{Goswami}, P. and {Passot}, T. and {Sulem}, P.~L.},
    title = "{A Landau fluid model for warm collisionless plasmas}",
  journal = {Phys.\ Plasmas},
 keywords = {Magnetohydrodynamic waves, Magnetohydrodynamics, Plasma kinetic equations, Magnetized plasmas, Transport properties},
     year = 2005,
   volume = 12,
    pages = {102109},
      doi = {10.1063/1.2096582},
   adsurl = {http://adsabs.harvard.edu/abs/2005PhPl...12j2109G}
}

@ARTICLE{grant67a,
   author = {{Grant}, F.~C. and {Feix}, M.~R.},
    title = "{Fourier-Hermite solutions of the Vlasov equations in the linearized limit}",
  journal = {Phys.\ Fluids},
     year = 1967,
   volume = 10,
    pages = {696},
      doi = {10.1063/1.1762177},
   adsurl = {http://adsabs.harvard.edu/abs/1967PhFl...10..696G}
}

@ARTICLE{grant67b,
   author = {{Grant}, F.~C. and {Feix}, M.~R.},
    title = "{Transition between Landau and Van Kampen Treatments of the Vlasov Equation}",
  journal = {Phys.\ Fluids},
     year = 1967,
   volume = 10,
    pages = {1356},
      doi = {10.1063/1.1762288},
   adsurl = {http://adsabs.harvard.edu/abs/1967PhFl...10.1356G}
}

@ARTICLE{gould67,
   author = {{Gould}, R.~W. and {O'Neil}, T.~M. and {Malmberg}, J.~H.},
    title = "{Plasma wave echo}",
  journal = {Phys.\ Rev.\ Lett.},
     year = 1967,
   volume = 19,
    pages = {219},
      doi = {10.1103/PhysRevLett.19.219},
   adsurl = {http://adsabs.harvard.edu/abs/1967PhRvL..19..219G}
}

@ARTICLE{guttenfelder11,
   author = {{Guttenfelder}, W. and {Candy}, J. and {Kaye}, S.~M. and {Nevins}, W.~M. and 
	{Wang}, E. and {Bell}, R.~E. and {Hammett}, G.~W. and {Leblanc}, B.~P. and 
	{Mikkelsen}, D.~R. and {Yuh}, H.},
    title = "{Electromagnetic Transport from Microtearing Mode Turbulence}",
  journal = {Phys.\ Rev.\ Lett.},
     year = 2011,
   volume = 106,
    pages = {155004},
      doi = {10.1103/PhysRevLett.106.155004},
   adsurl = {http://adsabs.harvard.edu/abs/2011PhRvL.106o5004G}
}

@ARTICLE{guttenfelder12,
   author = {{Guttenfelder}, W. and {Candy}, J. and {Kaye}, S.~M. and {Nevins}, W.~M. and 
	{Wang}, E. and {Zhang}, J. and {Bell}, R.~E. and {Crocker}, N.~A. and 
	{Hammett}, G.~W. and {LeBlanc}, B.~P. and {Mikkelsen}, D.~R. and 
	{Ren}, Y. and {Yuh}, H.},
    title = "{Simulation of microtearing turbulence in national spherical torus experiment}",
  journal = {Phys.\ Plasmas},
     year = 2012,
   volume = 19,
    pages = {056119},
      doi = {10.1063/1.3694104},
   adsurl = {http://adsabs.harvard.edu/abs/2012PhPl...19e6119G}
}

@ARTICLE{hallatschek04,
   author = {{Hallatschek}, K.},
    title = "{Thermodynamic Potential in Local Turbulence Simulations}",
  journal = {Phys.\ Rev.\ Lett.},
 keywords = {Thermodynamics of plasmas, Tokamaks, spherical tokamaks, Magnetohydrodynamic and fluid equation, Gyrofluid and gyrokinetic simulations},
     year = 2004,
    month = sep,
   volume = 93,
    pages = {125001},
      doi = {10.1103/PhysRevLett.93.125001},
   adsurl = {http://adsabs.harvard.edu/abs/2004PhRvL..93l5001H}
}

@ARTICLE{hammett90,
   author = {{Hammett}, G.~W. and {Perkins}, F.~W.},
    title = "{Fluid moment models for Landau damping with application to the ion-temperature-gradient instability}",
  journal = {Phys.\ Rev.\ Lett.},
 keywords = {Microinstabilities, Thermodynamics of plasmas},
     year = 1990,
   volume = 64,
    pages = {3019},
      doi = {10.1103/PhysRevLett.64.3019},
   adsurl = {http://adsabs.harvard.edu/abs/1990PhRvL..64.3019H}
}

@ARTICLE{hammett92,
   author = {{Hammett}, G.~W. and {Dorland}, W. and {Perkins}, F.~W.},
    title = "{Fluid models of phase mixing, Landau damping, and nonlinear gyrokinetic dynamics}",
  journal = {Phys.\ Fluids~B},
     year = 1992,
   volume = 4,
    pages = {2052},
      doi = {10.1063/1.860014},
   adsurl = {http://adsabs.harvard.edu/abs/1992PhFlB...4.2052H}
}

@ARTICLE{hammett93,
   author = {{Hammett}, G.~W. and {Beer}, M.~A. and {Dorland}, W. and {Cowley}, S.~C. and 
	{Smith}, S.~A.},
    title = "{Developments in the gyrofluid approach to tokamak turbulence simulations}",
  journal = {Plasma Phys.\ Control.\ Fusion},
     year = 1993,
   volume = 35,
    pages = {973},
      doi = {10.1088/0741-3335/35/8/006},
   adsurl = {http://adsabs.harvard.edu/abs/1993PPCF...35..973H}
}

@ARTICLE{hatch11prl,
   author = {{Hatch}, D.~R. and {Terry}, P.~W. and {Jenko}, F. and {Merz}, F. and 
	{Nevins}, W.~M.},
    title = "{Saturation of Gyrokinetic Turbulence through Damped Eigenmodes}",
  journal = {Phys.\ Rev.\ Lett.},
 keywords = {Gyrokinetics, Microinstabilities, Plasma turbulence, Gyrofluid and gyrokinetic simulations},
     year = 2011,
   volume = 106,
    pages = {115003},
      doi = {10.1103/PhysRevLett.106.115003},
   adsurl = {http://adsabs.harvard.edu/abs/2011PhRvL.106k5003H}
}

@ARTICLE{hatch11pop,
   author = {{Hatch}, D.~R. and {Terry}, P.~W. and {Jenko}, F. and {Merz}, F. and 
	{Pueschel}, M.~J. and {Nevins}, W.~M. and {Wang}, E.},
    title = "{Role of subdominant stable modes in plasma microturbulence}",
  journal = {Phys.\ Plasmas},
     year = 2011,
   volume = 18,
    pages = {055706},
      doi = {10.1063/1.3563536},
   adsurl = {http://adsabs.harvard.edu/abs/2011PhPl...18e5706H}
}

@ARTICLE{hatch13,
   author = {{Hatch}, D.~R. and {Jenko}, F. and {Ba{\~n}{\'o}n~Navarro}, A. and {Bratanov}, V.},
    title = "{Transition between saturation regimes of gyrokinetic turbulence}",
  journal = {Phys.\ Rev.\ Lett.},
     year = 2013,
   volume = 111,
    pages = {175001}
}

@ARTICLE{hedrick92,
   author = {{Hedrick}, C.~L. and {Leboeuf}, J.-N.},
    title = "{Landau fluid equations for electromagnetic and electrostatic fluctuations}",
  journal = {Phys.\ Fluids~B},
     year = 1992,
   volume = 4,
    pages = {3915},
      doi = {10.1063/1.860348},
   adsurl = {http://adsabs.harvard.edu/abs/1992PhFlB...4.3915H}
}

@ARTICLE{hnat05,
   author = {{Hnat}, B. and {Chapman}, S.~C. and {Rowlands}, G.},
    title = "{Compressibility in solar wind plasma turbulence}",
  journal = {Phys.\ Rev.\ Lett.},
     year = 2005,
   volume = 94,
    pages = {204502}
}

@ARTICLE{horbury05,
   author = {{Horbury}, T.~S. and {Forman}, M.~A. and {Oughton}, S.},
    title = "{Spacecraft observations of solar wind turbulence: an overview}",
  journal = {Plasma Phys.\ Control.\ Fusion},
     year = 2005,
   volume = 47,
    pages = {B703},
      doi = {10.1088/0741-3335/47/12B/S52},
   adsurl = {http://adsabs.harvard.edu/abs/2005PPCF...47B.703H}
}

@ARTICLE{howes06,
   author = {{Howes}, G.~G. and {Cowley}, S.~C. and {Dorland}, W. and {Hammett}, G.~W. and 
	{Quataert}, E. and {Schekochihin}, A.~A.},
    title = "{Astrophysical Gyrokinetics: Basic Equations and Linear Theory}",
  journal = {Astrophys.~J.},
     year = 2006,
   volume = 651,
    pages = {590}
}

@ARTICLE{howes08prl,
   author = {{Howes}, G.~G. and {Dorland}, W. and {Cowley}, S.~C. and {Hammett}, G.~W. and 
	{Quataert}, E. and {Schekochihin}, A.~A. and {Tatsuno}, T.},
    title = "{Kinetic Simulations of Magnetized Turbulence in Astrophysical Plasmas}",
  journal = {Phys.\ Rev.\ Lett.},
     year = 2008,
   volume = 100,
    pages = {065004},
      doi = {10.1103/PhysRevLett.100.065004},
   adsurl = {http://adsabs.harvard.edu/abs/2008PhRvL.100f5004H}
}

@ARTICLE{howes08jgr,
   author = {{Howes}, G.~G. and {Cowley}, S.~C. and {Dorland}, W. and {Hammett}, G.~W. and 
	{Quataert}, E. and {Schekochihin}, A.~A.},
    title = "{A model of turbulence in magnetized plasmas: Implications for the dissipation range in the solar wind}",
  journal = {J.~Geophys.\ Res.},
     year = 2008,
   volume = 113,
    pages = {A05103},
      doi = {10.1029/2007JA012665},
   adsurl = {http://adsabs.harvard.edu/abs/2008JGRA..113.5103H}
}

@ARTICLE{howes10,
   author = {{Howes}, G.~G.},
    title = "{A prescription for the turbulent heating of astrophysical plasmas}",
  journal = {Mon.\ Not.\ R.\ Astron.\ Soc.},
     year = 2010,
   volume = 409,
    pages = {L104},
      doi = {10.1111/j.1745-3933.2010.00958.x},
   adsurl = {http://adsabs.harvard.edu/abs/2010MNRAS.409L.104H}
}

@ARTICLE{howes11heating,
   author = {{Howes}, G.~G.},
    title = "{Prediction of the Proton-to-total Turbulent Heating in the Solar Wind}",
  journal = {Astrophys.~J.},
     year = 2011,
   volume = 738,
    pages = {40},
      doi = {10.1088/0004-637X/738/1/40},
   adsurl = {http://adsabs.harvard.edu/abs/2011ApJ...738...40H}
}


@ARTICLE{howes11prl,
   author = {{Howes}, G.~G. and {Tenbarge}, J.~M. and {Dorland}, W. and {Quataert}, E. and 
	{Schekochihin}, A.~A. and {Numata}, R. and {Tatsuno}, T.},
    title = "{Gyrokinetic Simulations of Solar Wind Turbulence from Ion to Electron Scales}",
  journal = {Phys.\ Rev.\ Lett.},
     year = 2011,
   volume = 107,
    pages = {035004},
      doi = {10.1103/PhysRevLett.107.035004},
   adsurl = {http://adsabs.harvard.edu/abs/2011PhRvL.107c5004H}
}

@ARTICLE{howes12,
   author = {{Howes}, G.~G. and {Bale}, S.~D. and {Klein}, K.~G. and {Chen}, C.~H.~K. and 
	{Salem}, C.~S. and {TenBarge}, J.~M.},
    title = "{The Slow-mode Nature of Compressible Wave Power in Solar Wind Turbulence}",
  journal = {Astrophys.~J.\ Lett.},
     year = 2012,
   volume = 753,
    pages = {L19}
}

@ARTICLE{hunana11,
   author = {{Hunana}, P. and {Laveder}, D. and {Passot}, T. and {Sulem}, P.~L. and 
	{Borgogno}, D.},
    title = "{Reduction of Compressibility and Parallel Transfer by Landau Damping in Turbulent Magnetized Plasmas}",
  journal = {Astrophys.~J.},
 keywords = {magnetohydrodynamics: MHD, solar wind, turbulence},
     year = 2011,
   volume = 743,
    pages = {128},
      doi = {10.1088/0004-637X/743/2/128},
   adsurl = {http://adsabs.harvard.edu/abs/2011ApJ...743..128H}
}

@ARTICLE{kadomtsev74,
   author = {{Kadomtsev}, B.~B. and {Pogutse}, O.~P.},
    title = "{Nonlinear helical perturbations of a plasma in the tokamak}",
  journal = {Soviet Phys.\ JETP},
     year = 1974,
   volume = 38,
    pages = {283},
   adsurl = {http://adsabs.harvard.edu/abs/1974JETP...38..283K},
  adsnote = {Provided by the SAO/NASA Astrophysics Data System}
}

@ARTICLE{kanekar14a,
author = {{Kanekar},A. and {Schekochihin},A.~A. and {Dorland},W. and {Loureiro},N.~F.},
title = "{Fluctuation-dissipation relations for a plasma-kinetic Langevin equation}",
journal = {Journal of Plasma Physics},
volume = {FirstView},
month = {9},
year = {2014},
issn = {1469-7807},
pages = {1--21},
numpages = {21},
doi = {10.1017/S0022377814000622},
URL = {http://journals.cambridge.org/article_S0022377814000622},
}

@ARTICLE{kanekar14b,
    author = {{Kanekar}, A. and {Schekochihin}, A.~A. and {Dorland}, W.},
    title = "{Advection of a 3-d kinetic passive scalar by a 2-d velocity field}",
    journal = {in preparation},
    year = 2014,
}

@ARTICLE{kazantsev68,
   author = {{Kazantsev}, A.~P.},
    title = "{Enhancement of a Magnetic Field by a Conducting Fluid}",
  journal = {Soviet Phys.\ JETP},
     year = 1968,
   volume = 26,
    pages = {1031},
   adsurl = {http://adsabs.harvard.edu/abs/1968JETP...26.1031K}
}

@ARTICLE{kellogg05,
   author = {{Kellogg}, P.~J. and {Horbury}, T.~S.},
    title = "{Rapid density fluctuations in the solar wind}",
  journal = {Ann.\ Geophys.},
     year = 2005,
   volume = 23,
    pages = {3765},
      doi = {10.5194/angeo-23-3765-2005},
   adsurl = {http://adsabs.harvard.edu/abs/2005AnGeo..23.3765K}
}

@ARTICLE{klein12,
   author = {{Klein}, K.~G. and {Howes}, G.~G. and {TenBarge}, J.~M. and 
	{Bale}, S.~D. and {Chen}, C.~H.~K. and {Salem}, C.~S.},
    title = "{Using Synthetic Spacecraft Data to Interpret Compressible Fluctuations in Solar Wind Turbulence}",
  journal = {Astrophys.~J.},
     year = 2012,
   volume = 755,
    pages = {159}
}

@ARTICLE{klimchuk06,
   author = {{Klimchuk}, J.~A.},
    title = "{On Solving the Coronal Heating Problem}",
  journal = {Sol.\ Phys.},
     year = 2006,
   volume = 234,
    pages = {41},
      doi = {10.1007/s11207-006-0055-z},
   adsurl = {http://adsabs.harvard.edu/abs/2006SoPh..234...41K},
  adsnote = {Provided by the SAO/NASA Astrophysics Data System}
}

@ARTICLE{kraichnan68,
   author = {{Kraichnan}, R.~H.},
    title = "{Small-Scale Structure of a Scalar Field Convected by Turbulence}",
  journal = {Phys.\ Fluids},
     year = 1968,
   volume = 11,
    pages = {945},
      doi = {10.1063/1.1692063},
   adsurl = {http://adsabs.harvard.edu/abs/1968PhFl...11..945K}
}

@ARTICLE{kraichnan74,
   author = {{Kraichnan}, R.~H.},
    title = "{Convection of a passive scalar by a quasi-uniform random straining field}",
  journal = {J.~Fluid Mech.},
     year = 1974,
   volume = 64,
    pages = {737},
      doi = {10.1017/S0022112074001881},
   adsurl = {http://adsabs.harvard.edu/abs/1974JFM....64..737K}
}

@BOOK{kramers27,
    author  =   {{Kramers}, H.~A},
    title   =   "{La diffusion de la lumiere par les atomes}",
    publisher = {Atti~Cong. Intern. Fisici (Transactions of Volta Centenary Congress), Como, vol. 2},
    pages   = {545},
    year    = 1927
}

@ARTICLE{kronig26,
    author  =   {{Kronig}, R.},
    title   =   "{On the theory of dispersion of X-rays}",
    journal =   {J.~Opt.\ Soc.\ America},
    volume  =   12,
    pages   =   {547},
    year    =   1926,
}

@ARTICLE{kubo66,
   author = {{Kubo}, R.},
    title = "{The fluctuation-dissipation theorem}",
  journal = {Rep.\ Prog.\ Phys.},
     year = 1966,
   volume = 29,
    pages = {255},
      doi = {10.1088/0034-4885/29/1/306},
   adsurl = {http://adsabs.harvard.edu/abs/1966RPPh...29..255K},
  adsnote = {Provided by the SAO/NASA Astrophysics Data System}
}

@ARTICLE{landau46,
   author = {{Landau}, L.},
    title = "{On the vibration of the electronic plasma}",
  journal = {J.~Phys. USSR},
     year = 1946,
   volume = 10,
    pages = {25}
}

@ARTICLE{lenard58,
   author = {{Lenard}, A. and {Bernstein}, I.~B.},
    title = "{Plasma oscillations with diffusion in velocity space}",
  journal = {Phys.\ Rev.},
     year = 1958,
   volume = 112,
    pages = {1456},
      doi = {10.1103/PhysRev.112.1456},
   adsurl = {http://adsabs.harvard.edu/abs/1958PhRv..112.1456L}
}

@ARTICLE{lithwick01,
   author = {{Lithwick}, Y. and {Goldreich}, P.},
    title = "{Compressible magnetohydrodynamic turbulence in interstellar plasmas}",
  journal = {Astrophys.~J.},
 keywords = {ISM: Kinematics and Dynamics, Magnetohydrodynamics: MHD, Turbulence},
     year = 2001,
   volume = 562,
    pages = {279},
      doi = {10.1086/323470},
   adsurl = {http://adsabs.harvard.edu/abs/2001ApJ...562..279L}
}

@ARTICLE{loureiro13,
   author = {{Loureiro}, N.~F. and {Schekochihin}, A.~A. and {Zocco}, A.},
    title = "{Fast collisionless reconnection and electron heating in strongly magnetized plasmas}",
  journal = {Phys.\ Rev.\ Lett.},
     year = 2013,
   volume = 111,
    pages = {025002},
      doi = {10.1103/PhysRevLett.111.025002},
}

@ARTICLE{malmberg68,
   author = {{Malmberg}, J.~H. and {Wharton}, C.~B. and {Gould}, R.~W. and 
	{O'Neil}, T.~M.},
    title = "{Plasma Wave Echo Experiment}",
  journal = {Phys.\ Rev.\ Lett.},
     year = 1968,
   volume = 20,
    pages = {95},
      doi = {10.1103/PhysRevLett.20.95},
   adsurl = {http://adsabs.harvard.edu/abs/1968PhRvL..20...95M}
}

@ARTICLE{marsch90,
   author = {{Marsch}, E. and {Tu}, C.-Y.},
    title = "{Spectral and spatial evolution of compressible turbulence in the inner solar wind}",
  journal = {J.~Geophys.\ Res.},
     year = 1990,
   volume = 95,
    pages = {11945},
      doi = {10.1029/JA095iA08p11945},
   adsurl = {http://adsabs.harvard.edu/abs/1990JGR....9511945M}
}

@ARTICLE{mozer13,
   author = {{Mozer}, F.~S. and {Chen}, C.~H.~K.},
    title = "{Parallel Electric Field Spectrum of Solar Wind Turbulence}",
  journal = {arXiv:1304.1189},
 primaryClass = "physics.space-ph",
 keywords = {Physics - Space Physics, Astrophysics - Solar and Stellar Astrophysics, Physics - Plasma Physics},
     year = 2013,
   adsurl = {http://adsabs.harvard.edu/abs/2013arXiv1304.1189M}
}

@ARTICLE{nazarenko11,
   author = {{Nazarenko}, S.~V. and {Schekochihin}, A.~A.},
    title = "{Critical balance in magnetohydrodynamic, rotating and stratified turbulence: towards a universal scaling conjecture}",
  journal = {J.~Fluid Mech.},
     year = 2011,
   volume = 677,
    pages = {134},
   adsurl = {http://adsabs.harvard.edu/abs/2011JFM...677..134N}
}

@ARTICLE{ng99,
   author = {{Ng}, C.~S. and {Bhattacharjee}, A. and {Skiff}, F.},
    title = "{Kinetic eigenmodes and discrete spectrum of plasma oscillations in a weakly collisional plasma}",
  journal = {Phys.\ Rev.\ Lett.},
     year = 1999,
   volume = 83,
    pages = {1974},
      doi = {10.1103/PhysRevLett.83.1974},
   adsurl = {http://adsabs.harvard.edu/abs/1999PhRvL..83.1974N}
}

@ARTICLE{ng04,
   author = {{Ng}, C.~S. and {Bhattacharjee}, A. and {Skiff}, F.},
    title = "{Complete Spectrum of Kinetic Eigenmodes for Plasma Oscillations in a Weakly Collisional Plasma}",
  journal = {Phys.\ Rev.\ Lett.},
 keywords = {Electrostatic waves and oscillations, Microinstabilities},
     year = 2004,
   volume = 92,
    pages = {065002},
      doi = {10.1103/PhysRevLett.92.065002},
   adsurl = {http://adsabs.harvard.edu/abs/2004PhRvL..92f5002N}
}

@ARTICLE{obukhov49,
   author = {{Obukhov}, A. M.},
  journal = {Izv.\ Akad.\ Nauk SSSR Ser.\ Geogr.\ Geofiz.},
     year = 1949,
   volume = 13,
    pages = {58}
}

@ARTICLE{parker95,
   author = {{Parker}, S.~E. and {Carati}, D.},
    title = "{Renormalized dissipation in plasmas with finite collisionality}",
  journal = {Phys.\ Rev.\ Lett.},
     year = 1995,
   volume = 75,
    pages = {441},
      doi = {10.1103/PhysRevLett.75.441},
   adsurl = {http://adsabs.harvard.edu/abs/1995PhRvL..75..441P}
}

@ARTICLE{passot04,
   author = {{Passot}, T. and {Sulem}, P.~L.},
    title = "{A Landau fluid model for dispersive magnetohydrodynamics}",
  journal = {Phys.\ Plasmas},
 keywords = {Magnetohydrodynamics, Magnetohydrodynamic waves, Nonlinear phenomena: waves, wave propagation, and other interactions, Magnetohydrodynamic and fluid equation},
     year = 2004,
   volume = 11,
    pages = {5173},
      doi = {10.1063/1.1780533},
   adsurl = {http://adsabs.harvard.edu/abs/2004PhPl...11.5173P}
}

@ARTICLE{passot06,
   author = {{Passot}, T. and {Sulem}, P.~L.},
    title = "{A fluid model with finite Larmor radius effects for mirror mode dynamics}",
  journal = {J.~Geophys.\ Res.},
 keywords = {Magnetospheric Physics: Numerical modeling, Magnetospheric Physics: Magnetosheath, Space Plasma Physics: Kinetic waves and instabilities, Space Plasma Physics: MHD waves and instabilities (2149, 2752, 6050), Landau fluid, magnetosheath, mirror modes},
     year = 2006,
   volume = 111,
    pages = {A04203},
      doi = {10.1029/2005JA011425},
   adsurl = {http://adsabs.harvard.edu/abs/2006JGRA..111.4203P}
}

@ARTICLE{passot07,
   author = {{Passot}, T. and {Sulem}, P.~L.},
    title = "{Collisionless magnetohydrodynamics with gyrokinetic effects}",
  journal = {Phys.\ Plasmas},
 keywords = {Magnetohydrodynamics, Gyrokinetics, Magnetohydrodynamic waves, Macroinstabilities, Plasma turbulence, Magnetohydrodynamic and fluid equation},
     year = 2007,
   volume = 14,
    pages = {082502},
      doi = {10.1063/1.2751601},
   adsurl = {http://adsabs.harvard.edu/abs/2007PhPl...14h2502P}
}

@ARTICLE{passot12,
   author = {{Passot}, T. and {Sulem}, P.~L. and {Hunana}, P.},
    title = "{Extending magnetohydrodynamics to the slow dynamics of collisionless plasmas}",
  journal = {Phys.\ Plasmas},
 keywords = {plasma magnetohydrodynamics, plasma simulation, Magnetohydrodynamics, Magnetohydrodynamic and fluid equation},
     year = 2012,
   volume = 19,
    pages = {082113},
      doi = {10.1063/1.4746092},
   adsurl = {http://adsabs.harvard.edu/abs/2012PhPl...19h2113P}
}

@article{perez08,
  title={On weak and strong magnetohydrodynamic turbulence},
  author={Perez, J. C. and Boldyrev, S.},
  journal={Astrophys.\ J.\},
  volume={672},
  pages={L61},
  year={2008},
  publisher={IOP Publishing}
  }

@ARTICLE{plunk13,
   author = {{Plunk}, G.~G.},
    title = "{Landau damping in a turbulent setting}",
  journal = {Phys.\ Plasmas},
     year = 2013,
   volume = 20,
    pages = {032304}
}

@ARTICLE{plunk14,
   author = {{Plunk}, G.~G. and {Parker}, J.~T.},
    title = "{Irreversible energy flow in forced Vlasov dynamics}",
  journal = {arXiv:1402.7230},
     year = 2014,
   adsurl = {http://adsabs.harvard.edu/abs/2014arXiv1402.7230P},
  adsnote = {Provided by the SAO/NASA Astrophysics Data System}
}

@ARTICLE{podesta10,
   author = {{Podesta}, J.~J. and {Borovsky}, J.~E. and {Gary}, S.~P.},
    title = "{A Kinetic Alfv{\'e}n Wave Cascade Subject to Collisionless Damping Cannot Reach Electron Scales in the Solar Wind at 1 AU}",
  journal = {Astrophys.~J.},
     year = 2010,
   volume = 712,
    pages = {685},
      doi = {10.1088/0004-637X/712/1/685},
   adsurl = {http://adsabs.harvard.edu/abs/2010ApJ...712..685P}
}

@ARTICLE{quataert98,
   author = {{Quataert}, E.},
    title = "{Particle Heating by Alfvenic Turbulence in Hot Accretion Flows}",
  journal = {Astrophys.~J.},
     year = 1998,
   volume = 500,
    pages = {978},
      doi = {10.1086/305770},
   adsurl = {http://adsabs.harvard.edu/abs/1998ApJ...500..978Q}
}

@ARTICLE{quataert99,
   author = {{Quataert}, E. and {Gruzinov}, A.},
    title = "{Turbulence and Particle Heating in Advection-dominated Accretion Flows}",
  journal = {Astrophys.~J.},
     year = 1999,
   volume = 520,
    pages = {248},
      doi = {10.1086/307423},
   adsurl = {http://adsabs.harvard.edu/abs/1999ApJ...520..248Q}
}

@ARTICLE{ramos05,
   author = {{Ramos}, J.~J.},
    title = "{Fluid formalism for collisionless magnetized plasmas}",
  journal = {Phys.\ Plasmas},
 keywords = {Gyrokinetics, Nonlinear phenomena: waves, wave propagation, and other interactions, Magnetized plasmas, Transport properties},
     year = 2005,
   volume = 12,
    pages = {052102},
      doi = {10.1063/1.1884128},
   adsurl = {http://adsabs.harvard.edu/abs/2005PhPl...12e2102R}
}

@ARTICLE{sahraoui09,
   author = {{Sahraoui}, F. and {Goldstein}, M.~L. and {Robert}, P. and {Khotyaintsev}, Y.~V.
	},
    title = "{Evidence of a Cascade and Dissipation of Solar-Wind Turbulence at the Electron Gyroscale}",
  journal = {Phys.\ Rev.\ Lett.},
     year = 2009,
   volume = 102,
    pages = {231102},
      doi = {10.1103/PhysRevLett.102.231102},
   adsurl = {http://adsabs.harvard.edu/abs/2009PhRvL.102w1102S}
}

@ARTICLE{sahraoui10,
   author = {{Sahraoui}, F. and {Goldstein}, M.~L. and {Belmont}, G. and 
	{Canu}, P. and {Rezeau}, L.},
    title = "{Three Dimensional Anisotropic k Spectra of Turbulence at Subproton Scales in the Solar Wind}",
  journal = {Phys.\ Rev.\ Lett.},
     year = 2010,
   volume = 105,
    pages = {131101},
      doi = {10.1103/PhysRevLett.105.131101},
   adsurl = {http://adsabs.harvard.edu/abs/2010PhRvL.105m1101S}
}

@ARTICLE{sahraoui13,
   author = {{Sahraoui}, F. and {Huang}, S.~Y. and {Belmont}, G. and {Goldstein}, M.~L. and 
	{R{\'e}tino}, A. and {Robert}, P. and {De Patoul}, J.},
    title = "{Scaling of the Electron Dissipation Range of Solar Wind Turbulence}",
  journal = {Astrophys.~J.},
     year = 2013,
   volume = 777,
    pages = {15},
      doi = {10.1088/0004-637X/777/1/15},
   adsurl = {http://adsabs.harvard.edu/abs/2013ApJ...777...15S},
  adsnote = {Provided by the SAO/NASA Astrophysics Data System}
}


@ARTICLE{schekochihin02,
   author = {{Schekochihin}, A.~A. and {Boldyrev}, S.~A. and {Kulsrud}, R.~M.
	},
    title = "{Spectra and Growth Rates of Fluctuating Magnetic Fields in the Kinematic Dynamo Theory with Large Magnetic Prandtl Numbers}",
  journal = {Astrophys.~J.},
     year = 2002,
   volume = 567,
    pages = {828},
      doi = {10.1086/338697},
   adsurl = {http://adsabs.harvard.edu/abs/2002ApJ...567..828S}
}

@ARTICLE{schekochihin04,
   author = {{Schekochihin}, A.~A. and {Haynes}, P.~H. and {Cowley}, S.~C.
	},
    title = "{Diffusion of passive scalar in a finite-scale random flow}",
  journal = {\pre},
     year = 2004,
   volume = 70,
    pages = {046304},
      doi = {10.1103/PhysRevE.70.046304},
   adsurl = {http://adsabs.harvard.edu/abs/2004PhRvE..70d6304S}
}

@ARTICLE{schekochihin08,
   author = {{Schekochihin}, A.~A. and {Cowley}, S.~C. and {Dorland}, W. and 
	{Hammett}, G.~W. and {Howes}, G.~G. and {Plunk}, G.~G. and {Quataert}, E. and 
	{Tatsuno}, T.},
    title = "{Gyrokinetic turbulence: a nonlinear route to dissipation through phase space}",
  journal = {Plasma Phys.\ Control.\ Fusion},
 primaryClass = "physics.plasm-ph",
     year = 2008,
   volume = 50,
    pages = {124024},
      doi = {10.1088/0741-3335/50/12/124024},
   adsurl = {http://adsabs.harvard.edu/abs/2008PPCF...50l4024S}
}

@ARTICLE{tome,
   author = {{Schekochihin}, A.~A. and {Cowley}, S.~C. and {Dorland}, W. and 
	{Hammett}, G.~W. and {Howes}, G.~G. and {Quataert}, E. and {Tatsuno}, T.
	},
    title = "{Astrophysical gyrokinetics: kinetic and fluid turbulent cascades in magnetized weakly collisional plasmas}",
  journal = {Astrophys.~J.\ Suppl.},
     year = 2009,
   volume = 182,
    pages = {310}
}

@ARTICLE{schekochihin12,
    title={Weak Alfv{\'e}n-wave turbulence revisited},
    author={Schekochihin, A.~A. and Nazarenko, S.~V. and Yousef, T.~A.},
    journal={Phys.\ Rev.\ E},
    volume={85},
    pages={036406},
    year={2012},
    publisher={APS}
    }

@ARTICLE{schekochihin14,
   author = {{Schekochihin}, A.~A. and {Kanekar}, A. and {Hammett}, G.~W. and {Dorland}, W. and {Loureiro}, N.~F. 
	},
    title = "{Stochastic advection and phase mixing in a collisionless plasma}",
  journal = {in preparation},
     year = 2014
}

@INBOOK{mhdbook,
   author = {{Schekochihin}, A.~A. and {Cowley}, S.~C.},
    title = "{Turbulence and Magnetic Fields in Astrophysical Plasmas}",
booktitle = {Magnetohydrodynamics: Historical Evolution and Trends},
     year = 2007,
   editor = "{Molokov, S., Moreau, R., and Moffatt, H.~K.}",
publisher = {Springer},
  address = {Berlin}, 
    pages = {85}
}

@ARTICLE{short02,
   author = {{Short}, R.~W. and {Simon}, A.},
    title = "{Damping of perturbations in weakly collisional plasmas}",
  journal = {Phys. Plasmas},
 keywords = {Waves, oscillations, and instabilities in plasmas and intense beams, Macroinstabilities, Elementary processes in plasmas, Microinstabilities},
     year = 2002,
   volume = 9,
    pages = {3245},
      doi = {10.1063/1.1492805},
   adsurl = {http://adsabs.harvard.edu/abs/2002PhPl....9.3245S}
}

@ARTICLE{snyder97,
   author = {{Snyder}, P.~B. and {Hammett}, G.~W. and {Dorland}, W.},
    title = "{Landau fluid models of collisionless magnetohydrodynamics}",
  journal = {Phys.\ Plasmas},
     year = 1997,
   volume = 4,
    pages = {3974},
      doi = {10.1063/1.872517},
   adsurl = {http://adsabs.harvard.edu/abs/1997PhPl....4.3974S}
}

@ARTICLE{snyder01,
   author = {{Snyder}, P.~B. and {Hammett}, G.~W.},
    title = "{A Landau fluid model for electromagnetic plasma microturbulence}",
  journal = {Phys.\ Plasmas},
 keywords = {Gyrofluid and gyrokinetic simulations, Microinstabilities, Macroinstabilities, Magnetohydrodynamic and fluid equation},
     year = 2001,
   volume = 8,
    pages = {3199},
      doi = {10.1063/1.1374238},
   adsurl = {http://adsabs.harvard.edu/abs/2001PhPl....8.3199S}
}

@ARTICLE{snyder01gf,
   author = {{Snyder}, P.~B. and {Hammett}, G.~W.},
    title = "{Electromagnetic effects on plasma microturbulence and transport}",
  journal = {Phys.\ Plasmas},
 keywords = {Gyrofluid and gyrokinetic simulations, Microinstabilities, Plasma turbulence, Transport properties},
     year = 2001,
   volume = 8,
    pages = {744},
      doi = {10.1063/1.1342029},
   adsurl = {http://adsabs.harvard.edu/abs/2001PhPl....8..744S}
}

@ARTICLE{strauss76,
   author = {{Strauss}, H.~R.},
    title = "{Nonlinear, three-dimensional magnetohydrodynamics of noncircular tokamaks}",
  journal = {Phys.\ Fluids},
     year = 1976,
   volume = 19,
    pages = {134}
}

@ARTICLE{su68,
   author = {{Su}, C.~H. and {Oberman}, C.},
    title = "{Collisional Damping of a Plasma Echo}",
  journal = {Phys.\ Rev.\ Lett.},
     year = 1968,
   volume = 20,
    pages = {427},
      doi = {10.1103/PhysRevLett.20.427},
   adsurl = {http://adsabs.harvard.edu/abs/1968PhRvL..20..427S}
}

@ARTICLE{tatsuno09,
   author = {{Tatsuno}, T. and {Dorland}, W. and {Schekochihin}, A.~A. and 
	{Plunk}, G.~G. and {Barnes}, M. and {Cowley}, S.~C. and {Howes}, G.~G.
	},
    title = "{Nonlinear Phase Mixing and Phase-Space Cascade of Entropy in Gyrokinetic Plasma Turbulence}",
  journal = {Phys.\ Rev.\ Lett.},
     year = 2009,
   volume = 103,
    pages = {015003},
      doi = {10.1103/PhysRevLett.103.015003},
   adsurl = {http://adsabs.harvard.edu/abs/2009PhRvL.103a5003T}
}

@ARTICLE{vankampen55,
   author = {{van Kampen}, N.~G.},
    title = "{On the theory of stationary waves in plasmas}",
  journal = {Physica},
     year = 1955,
   volume = 21,
    pages = {949},
      doi = {10.1016/S0031-8914(55)93068-8},
   adsurl = {http://adsabs.harvard.edu/abs/1955Phy....21..949V}
}

@article{tenbarge14,
    title={An oscillating Langevin antenna for driving plasma turbulence simulations},
    author={TenBarge, JM and Howes, Gregory G and Dorland, William and Hammett, GW},
    journal={Computer Physics Communications},
    volume={185},
    number={2},
    pages={578--589},
    year={2014},
    publisher={Elsevier}
}

@ARTICLE{watanabe04,
   author = {{Watanabe}, T.-H. and {Sugama}, H.},
    title = "{Kinetic simulation of steady states of ion temperature gradient driven turbulence with weak collisionality}",
  journal = {Phys.\ Plasmas},
 keywords = {Transport properties, Plasma turbulence, Plasma simulation},
     year = 2004,
   volume = 11,
    pages = {1476},
      doi = {10.1063/1.1669393},
   adsurl = {http://adsabs.harvard.edu/abs/2004PhPl...11.1476W}
}

@ARTICLE{weiland92,
   author = {{Weiland}, J.},
    title = "{Nonlinear effects in velocity space and drift wave transport in tokamaks}",
  journal = {Phys.\ Fluids~B},
     year = 1992,
   volume = 4,
    pages = {1388},
      doi = {10.1063/1.860096},
   adsurl = {http://adsabs.harvard.edu/abs/1992PhFlB...4.1388W}
}

@ARTICLE{zocco11,
   author = {{Zocco}, A. and {Schekochihin}, A.~A.},
    title = "{Reduced fluid-kinetic equations for low-frequency dynamics, magnetic reconnection, and electron heating in low-beta plasmas}",
  journal = {Phys.\ Plasmas},
     year = 2011,
   volume = 18,
    pages = {102309}
}

